@comment{x-kbibtex-personnameformatting=<%l><, %f>}

@inproceedings{cai2013maximizing,
  title={Maximizing expected model change for active learning in regression},
  author={Cai, Wenbin and Zhang, Ya and Zhou, Jun},
  booktitle={Data Mining (ICDM), 2013 IEEE 13th International Conference on},
  pages={51--60},
  year={2013},
  organization={IEEE}
}
@article{settles2012active,
  title={Active learning},
  author={Settles, Burr},
  journal={Synthesis Lectures on Artificial Intelligence and Machine Learning},
  volume={6},
  number={1},
  pages={1--114},
  year={2012},
  publisher={Morgan \& Claypool Publishers}
}
@book{xu2007incorporating,
  title={Incorporating diversity and density in active learning for relevance feedback},
  author={Xu, Zuobing and Akella, Ram and Zhang, Yi},
  year={2007},
  publisher={Springer}
}
@article{brauer2008coordination,
  title={Coordination of growth rate, cell cycle, stress response, and metabolic activity in yeast},
  author={Brauer, Matthew J and Huttenhower, Curtis and Airoldi, Edoardo M and Rosenstein, Rachel and Matese, John C and Gresham, David and Boer, Viktor M and Troyanskaya, Olga G and Botstein, David},
  journal={Molecular biology of the cell},
  volume={19},
  number={1},
  pages={352--367},
  year={2008},
  publisher={Am Soc Cell Biol}
}