@article{networked15,
  author = "Ramon, Jan and Wang, Yuyi and Guo, Zheng-Chu",
  title = "Learning from networked examples",
  journal = "Journal of Machine Learning Research",
  year = "2015",
  note = "Accepted",
  url = "https://lirias.kuleuven.be/handle/123456789/489039",
}
@article{jacobs1988increased,
  title={Increased rates of convergence through learning rate adaptation},
  author={Jacobs, Robert A},
  journal={Neural networks},
  volume={1},
  number={4},
  pages={295--307},
  year={1988},
  publisher={Elsevier}
}

@article{jiang2008estimating,
  title={Estimating the confidence interval for prediction errors of support vector machine classifiers},
  author={Jiang, Bo and Zhang, Xuegong and Cai, Tianxi},
  journal={Journal of Machine Learning Research},
  volume={9},
  number={Mar},
  pages={521--540},
  year={2008}
}
@article{seringhaus2006predicting,
  title={Predicting essential genes in fungal genomes},
  author={Seringhaus, Michael and Paccanaro, Alberto and Borneman, Anthony and Snyder, Michael and Gerstein, Mark},
  journal={Genome research},
  volume={16},
  number={9},
  pages={1126--1135},
  year={2006},
  publisher={Cold Spring Harbor Lab}
}
@article{hwang2009predicting,
  title={Predicting essential genes based on network and sequence analysis},
  author={Hwang, Yih-Chii and Lin, Chen-Ching and Chang, Jen-Yun and Mori, Hirotada and Juan, Hsueh-Fen and Huang, Hsuan-Cheng},
  journal={Molecular BioSystems},
  volume={5},
  number={12},
  pages={1672--1678},
  year={2009},
  publisher={Royal Society of Chemistry},
  url={http://pubs.rsc.org/en/content/articlehtml/2009/mb/b900611g}
}

@article{geistlinger2013comprehensive,
  title={A comprehensive gene regulatory network for the diauxic shift in Saccharomyces cerevisiae},
  author={Geistlinger, Ludwig and Csaba, Gergely and Dirmeier, Simon and K{\"u}ffner, Robert and Zimmer, Ralf},
  journal={Nucleic acids research},
  pages={gkt631},
  year={2013},
  publisher={Oxford Univ Press}
}
@article{ashburner2000gene,
  title={Gene Ontology: tool for the unification of biology},
  author={Ashburner, Michael and Ball, Catherine A and Blake, Judith A and Botstein, David and Butler, Heather and Cherry, J Michael and Davis, Allan P and Dolinski, Kara and Dwight, Selina S and Eppig, Janan T and others},
  journal={Nature genetics},
  volume={25},
  number={1},
  pages={25--29},
  year={2000},
  publisher={Nature Publishing Group}
}
@article{uniprot2014uniprot,
  title={UniProt: a hub for protein information},
  author={UniProt Consortium and others},
  journal={Nucleic acids research},
  pages={gku989},
  year={2014},
  publisher={Oxford Univ Press}
}
@article{king2014investigation,
  title={An investigation into eukaryotic pseudouridine synthases},
  author={King, Ross D and Lu, Chuan},
  journal={Journal of bioinformatics and computational biology},
  volume={12},
  number={04},
  pages={1450015},
  year={2014},
  publisher={World Scientific}
}

@article{brauer2008coordination,
  title={Coordination of growth rate, cell cycle, stress response, and metabolic activity in yeast},
  author={Brauer, Matthew J and Huttenhower, Curtis and Airoldi, Edoardo M and Rosenstein, Rachel and Matese, John C and Gresham, David and Boer, Viktor M and Troyanskaya, Olga G and Botstein, David},
  journal={Molecular biology of the cell},
  volume={19},
  number={1},
  pages={352--367},
  year={2008},
  publisher={Am Soc Cell Biol}
}
@article{rossi2012transforming,
  title={Transforming graph data for statistical relational learning},
  author={Rossi, Ryan A and McDowell, Luke K and Aha, David W and Neville, Jennifer},
  journal={Journal of Artificial Intelligence Research},
  volume={45},
  number={1},
  pages={363--441},
  year={2012},
  publisher={AI Access Foundation}
}
@article{li2004yeast,
  title={The yeast cell-cycle network is robustly designed},
  author={Li, Fangting and Long, Tao and Lu, Ying and Ouyang, Qi and Tang, Chao},
  journal={Proceedings of the National Academy of Sciences of the United States of America},
  volume={101},
  number={14},
  pages={4781--4786},
  year={2004},
  publisher={National Acad Sciences}
}
@article{koski2012review,
  title={A review of bayesian networks and structure learning},
  author={Koski, Timo JT and Noble, John M},
  journal={Annales Societatis Mathematicae Polonae. Series 3: Mathematica Applicanda},
  volume={40},
  number={1},
  pages={53--103},
  year={2012},
  url= {http://www.mimuw.edu.pl/~noble/courses/BayesianNetworks/Bayesnetsreview.pdf}
  }
  
  
  %%important
@article{airoldi2009predicting,
  title={Predicting cellular growth from gene expression signatures},
  author={Airoldi, Edoardo M and Huttenhower, Curtis and Gresham, David and Lu, Charles and Caudy, Amy A and Dunham, Maitreya J and Broach, James R and Botstein, David and Troyanskaya, Olga G},
  journal={PLoS Comput Biol},
  volume={5},
  number={1},
  pages={e1000257--e1000257},
  year={2009}
}
%% \important


%[3] Learn structure of network(edges only),  
@inproceedings{tong2001active,
title={Active learning for structure in Bayesian networks},
author={Tong, Simon and Koller, Daphne},
booktitle={International joint conference on artificial intelligence},
volume={17},
number={1},
pages={863--869},
year={2001},
url= {http://ai.stanford.edu/~koller/Papers/Tong+Koller:IJCAI01.pdf},
organization={LAWRENCE ERLBAUM ASSOCIATES LTD}
}


@article{brauer2005homeostatic,
  title={Homeostatic adjustment and metabolic remodeling in glucose-limited yeast cultures},
  author={Brauer, Matthew J and Saldanha, Alok J and Dolinski, Kara and Botstein, David},
  journal={Molecular biology of the cell},
  volume={16},
  number={5},
  pages={2503--2517},
  year={2005},
  publisher={Am Soc Cell Biol}
}
@article{spellman1998comprehensive,
  title={Comprehensive identification of cell cycle--regulated genes of the yeast Saccharomyces cerevisiae by microarray hybridization},
  author={Spellman, Paul T and Sherlock, Gavin and Zhang, Michael Q and Iyer, Vishwanath R and Anders, Kirk and Eisen, Michael B and Brown, Patrick O and Botstein, David and Futcher, Bruce},
  journal={Molecular biology of the cell},
  volume={9},
  number={12},
  pages={3273--3297},
  year={1998},
  publisher={Am Soc Cell Biol}
}
@article{cho1998genome,
  title={A genome-wide transcriptional analysis of the mitotic cell cycle},
  author={Cho, Raymond J and Campbell, Michael J and Winzeler, Elizabeth A and Steinmetz, Lars and Conway, Andrew and Wodicka, Lisa and Wolfsberg, Tyra G and Gabrielian, Andrei E and Landsman, David and Lockhart, David J and others},
  journal={Molecular cell},
  volume={2},
  number={1},
  pages={65--73},
  year={1998},
  publisher={Elsevier}
}
@article{derisi1997exploring,
  title={Exploring the metabolic and genetic control of gene expression on a genomic scale},
  author={DeRisi, Joseph L and Iyer, Vishwanath R and Brown, Patrick O},
  journal={Science},
  volume={278},
  number={5338},
  pages={680--686},
  year={1997},
  publisher={American Association for the Advancement of Science}
}

@inproceedings{lee2000arrest,
  title={Arrest, adaptation, and recovery following a chromosome double-strand break in Saccharomyces cerevisiae},
  author={Lee, SE and Pellicioli, A and Demeter, J and Vaze, MP and Gasch, AP and Malkova, A and Brown, PO and Botstein, D and Stearns, T and Foiani, M and others},
  booktitle={Cold Spring Harbor symposia on quantitative biology},
  volume={65},
  pages={303--314},
  year={2000},
  organization={Cold Spring Harbor Laboratory Press}
}

@article{carmel2001role,
  title={Role of thioredoxin reductase in the Yap1p-dependent response to oxidative stress in Saccharomyces cerevisiae},
  author={Carmel-Harel, Orna and Stearman, Robert and Gasch, Audrey P and Botstein, David and Brown, Patrick O and Storz, Gisela},
  journal={Molecular microbiology},
  volume={39},
  number={3},
  pages={595--605},
  year={2001},
  publisher={Wiley Online Library}
}

@misc{soyer_network_properties,
title = {Biological Networks: Global Properties and Their Evolution},
author = {Soyer, Orkun S},
year = {},
url = {http://www.cosbi.eu/SLIDES/ASB/soyer_networkEvolution.pdf},
note = {Accessed 2015-07-02}
}

@book{aluru2005handbook,
  title={Handbook of computational molecular biology},
  author={Aluru, Srinivas},
  year={2005},
  publisher={CRC Press},
  chapter = {27-1, 27-30}
}
@article{de2002modeling,
  title={Modeling and simulation of genetic regulatory systems: a literature review},
  author={De Jong, Hidde},
  journal={Journal of computational biology},
  volume={9},
  number={1},
  pages={67--103},
  year={2002},
  publisher={Mary Ann Liebert, Inc.}
}

@article{cohn1996active,
  title={Active learning with statistical models},
  author={Cohn, David A and Ghahramani, Zoubin and Jordan, Michael I},
  journal={Journal of artificial intelligence research},
  year={1996}
}
@inproceedings{cai2013maximizing,
  title={Maximizing expected model change for active learning in regression},
  author={Cai, Wenbin and Zhang, Ya and Zhou, Jun},
  booktitle={Data Mining (ICDM), 2013 IEEE 13th International Conference on},
  pages={51--60},
  year={2013},
  organization={IEEE}
}

@inproceedings{settles2008analysis,
  title={An analysis of active learning strategies for sequence labeling tasks},
  author={Settles, Burr and Craven, Mark},
  booktitle={Proceedings of the conference on empirical methods in natural language processing},
  pages={1070--1079},
  year={2008},
  organization={Association for Computational Linguistics}
}
@article{vijesh2013modeling,
  title={Modeling of gene regulatory networks: A review},
  author={Vijesh, Nedumparambathmarath and Chakrabarti, Swarup Kumar and Sreekumar, Janardanan and others},
  journal={Journal of Biomedical Science and Engineering},
  volume={6},
  number={02},
  pages={223},
  year={2013},
  publisher={Scientific Research Publishing}
}
%Quality questionnable, but contains links to literature based on type of optimization function
@article{costa2014rbfopt,
  title={RBFOpt: an open-source library for black-box optimization with costly function evaluations},
  author={Costa, Alberto and Nannicini, Giacomo},
  journal={Optimization Online},
  number={4538},
  volume={1},
  year={2014},
  url = {http://www.optimization-online.org/DB_FILE/2014/09/4538.pdf}
}

@Book{rcpp,
  title = {Seamless {R} and {C++} Integration with {Rcpp}},
  author = {Dirk Eddelbuettel},
  publisher = {Springer},
  address = {New York},
  year = {2013},
  note = {ISBN 978-1-4614-6867-7},
}
@article{bromiley2003products,
  title={Products and convolutions of gaussian probability density functions},
  author={Bromiley, P},
  journal={Tina-Vision Memo},
  volume={3},
  year={2003}
}
@article{amaran2014simulation,
  title={Simulation optimization: a review of algorithms and applications},
  author={Amaran, Satyajith and Sahinidis, Nikolaos V and Sharda, Bikram and Bury, Scott J},
  journal={4OR},
  volume={12},
  number={4},
  pages={301--333},
  year={2014},
  publisher={Springer}
}

@article{raza2014recurrent,
  title={Recurrent Neural Network Based Hybrid Model of Gene Regulatory Network},
  author={Raza, Khalid and Alam, Mansaf and Parveen, Rafat},
  journal={arXiv preprint arXiv:1408.5405},
  year={2014}
}

%parameter distance
@article{meyer2014network,
  title={Network topology and parameter estimation: from experimental design methods to gene regulatory network kinetics using a community based approach},
  author={Meyer, Pablo and Cokelaer, Thomas and Chandran, Deepak and Kim, Kyung Hyuk and Loh, Po-Ru and Tucker, George and Lipson, Mark and Berger, Bonnie and Kreutz, Clemens and Raue, Andreas and others},
  journal={BMC systems biology},
  volume={8},
  number={1},
  pages={1},
  year={2014},
  publisher={BioMed Central}
}

%%estimating distribution from arithmetic operations	
@article{korzen2014pacal,
  title={Pacal: a python package for arithmetic computations with random variables},
  author={Korzen, Marcin and Jaroszewicz, Szymon},
  journal={J. Stat. Softw},
  volume={57},
  pages={1--34},
  year={2014}
}
@article{loh2011phenotype,
  title={Phenotype prediction using regularized regression on genetic data in the DREAM5 Systems Genetics B Challenge},
  author={Loh, Po-Ru and Tucker, George and Berger, Bonnie},
  journal={PloS one},
  volume={6},
  number={12},
  pages={e29095},
  year={2011},
  publisher={Public Library of Science}
}
@article{duchi2011adaptive,
  title={Adaptive subgradient methods for online learning and stochastic optimization},
  author={Duchi, John and Hazan, Elad and Singer, Yoram},
  journal={Journal of Machine Learning Research},
  volume={12},
  number={Jul},
  pages={2121--2159},
  year={2011}
}
@article{zeiler2012adadelta,
  title={ADADELTA: an adaptive learning rate method},
  author={Zeiler, Matthew D},
  journal={arXiv preprint arXiv:1212.5701},
  year={2012}
}
@article{barabasi2009scale,
  title={Scale-free networks: a decade and beyond},
  author={Barab{\'a}si, Albert-L{\'a}szl{\'o}},
  journal={science},
  volume={325},
  number={5939},
  pages={412--413},
  year={2009},
  publisher={American Association for the Advancement of Science}
}

@article{ud2015optimal,
  title={Optimal design of gene knock-out experiments for gene regulatory network inference},
  author={Ud-Dean, SM Minhaz and Gunawan, Rudiyanto},
  journal={Bioinformatics},
  pages={btv672},
  year={2015},
  publisher={Oxford Univ Press}
}
@article{varma1994stoichiometric,
  title={Stoichiometric flux balance models quantitatively predict growth and metabolic by-product secretion in wild-type Escherichia coli W3110.},
  author={Varma, Amit and Palsson, Bernhard O},
  journal={Applied and environmental microbiology},
  volume={60},
  number={10},
  pages={3724--3731},
  year={1994},
  publisher={Am Soc Microbiol}
}
@article{gomez2014dfbalab,
  title={DFBAlab: a fast and reliable MATLAB code for dynamic flux balance analysis},
  author={Gomez, Jose A and H{\"o}ffner, Kai and Barton, Paul I},
  journal={BMC bioinformatics},
  volume={15},
  number={1},
  pages={1},
  year={2014},
  publisher={BioMed Central}
}
@article{hoffner2013reliable,
  title={A reliable simulator for dynamic flux balance analysis},
  author={H{\"o}ffner, K and Harwood, SM and Barton, PI},
  journal={Biotechnology and bioengineering},
  volume={110},
  number={3},
  pages={792--802},
  year={2013},
  publisher={Wiley Online Library}
}
@article{cherry2012saccharomyces,
  title={Saccharomyces Genome Database: the genomics resource of budding yeast},
  author={Cherry, J Michael and Hong, Eurie L and Amundsen, Craig and Balakrishnan, Rama and Binkley, Gail and Chan, Esther T and Christie, Karen R and Costanzo, Maria C and Dwight, Selina S and Engel, Stacia R and others},
  journal={Nucleic acids research},
  volume={40},
  number={D1},
  pages={D700--D705},
  year={2012},
  publisher={Oxford Univ Press}
}

@article{chandrasekaran2010probabilistic,
  title={	},
  author={Chandrasekaran, Sriram and Price, Nathan D},
  journal={Proceedings of the National Academy of Sciences},
  volume={107},
  number={41},
  pages={17845--17850},
  year={2010},
  publisher={National Acad Sciences}
}
@inproceedings{hazen2009gradient,
  title={Gradient estimation in global optimization algorithms},
  author={Hazen, Megan and Gupta, Maya R},
  booktitle={2009 IEEE Congress on Evolutionary Computation},
  pages={1841--1848},
  year={2009},
  organization={IEEE}
}
@article{barabasi2004network,
  title={Network biology: understanding the cell's functional organization},
  author={Barabasi, Albert-Laszlo and Oltvai, Zoltan N},
  journal={Nature reviews genetics},
  volume={5},
  number={2},
  pages={101--113},
  year={2004},
  publisher={Nature Publishing Group}
}

@article{shlomi2007genome,
  title={A genome-scale computational study of the interplay between transcriptional regulation and metabolism},
  author={Shlomi, Tomer and Eisenberg, Yariv and Sharan, Roded and Ruppin, Eytan},
  journal={Molecular systems biology},
  volume={3},
  number={1},
  pages={101},
  year={2007},
  publisher={EMBO Press}
}
@article{colijn2009interpreting,
  title={Interpreting expression data with metabolic flux models: predicting Mycobacterium tuberculosis mycolic acid production},
  author={Colijn, Caroline and Brandes, Aaron and Zucker, Jeremy and Lun, Desmond S and Weiner, Brian and Farhat, Maha R and Cheng, Tan-Yun and Moody, D Branch and Murray, Megan and Galagan, James E},
  journal={PLoS Comput Biol},
  volume={5},
  number={8},
  pages={e1000489},
  year={2009},
  publisher={Public Library of Science}
}
@inproceedings{carney1999confidence,
  title={Confidence and prediction intervals for neural network ensembles},
  author={Carney, John G and Cunningham, P{\'a}draig and Bhagwan, Umesh},
  booktitle={Neural Networks, 1999. IJCNN'99. International Joint Conference on},
  volume={2},
  pages={1215--1218},
  year={1999},
  organization={IEEE}
  url={http://citeseerx.ist.psu.edu/viewdoc/download?doi=10.1.1.47.2676&rep=rep1&type=pdf}
}

@article{ud2015optimal,
  title={Optimal design of gene knock-out experiments for gene regulatory network inference},
  author={Ud-Dean, SM Minhaz and Gunawan, Rudiyanto},
  journal={Bioinformatics},
  pages={btv672},
  year={2015},
  publisher={Oxford Univ Press}
}
@article{faith2008many,
  title={Many Microbe Microarrays Database: uniformly normalized Affymetrix compendia with structured experimental metadata},
  author={Faith, Jeremiah J and Driscoll, Michael E and Fusaro, Vincent A and Cosgrove, Elissa J and Hayete, Boris and Juhn, Frank S and Schneider, Stephen J and Gardner, Timothy S},
  journal={Nucleic acids research},
  volume={36},
  number={suppl 1},
  pages={D866--D870},
  year={2008},
  publisher={Oxford Univ Press}
}
@article{mahadevan2002dynamic,
  title={Dynamic flux balance analysis of diauxic growth in Escherichia coli},
  author={Mahadevan, Radhakrishnan and Edwards, Jeremy S and Doyle, Francis J},
  journal={Biophysical journal},
  volume={83},
  number={3},
  pages={1331--1340},
  year={2002},
  publisher={Elsevier}
}
